<record><leader>00000cas a2200000 a 4500</leader><controlfield tag="001">36167029</controlfield><controlfield tag="008">970107d18901892miuwr n       0    0eng c</controlfield><datafield ind1=" " ind2=" " tag="010"><subfield code="a">sn 96077469 </subfield></datafield><datafield ind1=" " ind2=" " tag="040"><subfield code="a">MHN</subfield><subfield code="b">eng</subfield><subfield code="c">MHN</subfield><subfield code="d">OCL</subfield><subfield code="d">OCLCQ</subfield><subfield code="d">OCLCF</subfield><subfield code="d">OCLCO</subfield></datafield><datafield ind1="1" ind2=" " tag="029"><subfield code="a">AU@</subfield><subfield code="b">000013027086</subfield></datafield><datafield ind1=" " ind2=" " tag="042"><subfield code="a">pcc</subfield></datafield><datafield ind1=" " ind2=" " tag="043"><subfield code="a">n-us-mi</subfield></datafield><datafield ind1="0" ind2=" " tag="130"><subfield code="a">Commercial (Port Huron, Mich.)</subfield></datafield><datafield ind1="1" ind2="4" tag="245"><subfield code="a">The Commercial.</subfield></datafield><datafield ind1=" " ind2=" " tag="260"><subfield code="a">Port Huron, St. Clair County, Mich. :</subfield><subfield code="b">Stevens &amp; King</subfield></datafield><datafield ind1=" " ind2=" " tag="300"><subfield code="a">v.</subfield></datafield><datafield ind1=" " ind2=" " tag="310"><subfield code="a">Weekly</subfield></datafield><datafield ind1="0" ind2=" " tag="362"><subfield code="a">40th yr., no. 2062 (Aug. 30, 1890)-</subfield></datafield><datafield ind1="1" ind2=" " tag="362"><subfield code="a">Ceased in 1892.</subfield></datafield><datafield ind1=" " ind2=" " tag="515"><subfield code="a">Year designation dropped: Feb. 20, 1892.</subfield></datafield><datafield ind1=" " ind2=" " tag="580"><subfield code="a">Merged with: Port Huron tribune (Port Huron, Mich. : 1890), to form: Port Huron tribune and the Saturday commercial.</subfield></datafield><datafield ind1=" " ind2="0" tag="651"><subfield code="a">Port Huron (Mich.)</subfield><subfield code="v">Newspapers.</subfield></datafield><datafield ind1=" " ind2="0" tag="651"><subfield code="a">Saint Clair County (Mich.)</subfield><subfield code="v">Newspapers.</subfield></datafield><datafield ind1=" " ind2="7" tag="655"><subfield code="a">Newspapers.</subfield><subfield code="2">fast</subfield><subfield code="0">(OCoLC)fst01423814</subfield></datafield><datafield ind1=" " ind2="7" tag="651"><subfield code="a">Michigan</subfield><subfield code="z">Port Huron.</subfield><subfield code="2">fast</subfield><subfield code="0">(OCoLC)fst01224208</subfield></datafield><datafield ind1=" " ind2="7" tag="651"><subfield code="a">Michigan</subfield><subfield code="z">Saint Clair County.</subfield><subfield code="2">fast</subfield><subfield code="0">(OCoLC)fst01218750</subfield></datafield><datafield ind1=" " ind2=" " tag="752"><subfield code="a">United States</subfield><subfield code="b">Michigan</subfield><subfield code="c">Saint Clair</subfield><subfield code="d">Port Huron.</subfield></datafield><datafield ind1="0" ind2="1" tag="780"><subfield code="t">Port Huron commercial-tribune (Port Huron, Mich. : Weekly)</subfield><subfield code="w">(DLC)sn 96077468</subfield><subfield code="w">(OCoLC)36168181</subfield></datafield><datafield ind1="1" ind2="7" tag="785"><subfield code="t">Port Huron-tribune (Port Huron, Mich. : 1890)</subfield><subfield code="w">(DLC)sn 96077470</subfield><subfield code="w">(OCoLC)36166987</subfield></datafield><datafield ind1="1" ind2="7" tag="785"><subfield code="t">Port Huron tribune and the Saturday commercial</subfield><subfield code="w">(DLC)sn 96077471</subfield><subfield code="w">(OCoLC)36166791</subfield></datafield></record>